@TECHREPORT{can1980,
  author = "{Dagum E.B.}",
  year = 1980,
  title = "The X-11-ARIMA seasonal adjustment method",
  institution = "Statistics Canada",
}

@TECHREPORT{margo1997,
  author = "{Maravall A., Gomez V.}",
  year = 1997,
  title = "Guide for using the programs {TRAMO} and {SEATS}",
  institution = "Bank of Spain",
}

@TECHREPORT{marsa2000,
  author = "{Maravall A., Sanchez J.}",
  year = 2000,
  title = "An application of {TRAMO}/{SEATS}: Model selection and Out-of-sample
performance. The swiss CPI series",
  institution = "Bank of Spain",
}

@ARTICLE{fin2005,
  author = "{Findley D.F.}", 
  year = 2005,
  title = "Some recent developments and directions in seasonal adjustment",
  journal = "Journal of official statistics",
  volume = "21, 2", 
  pages = "343-365",
}

@TECHREPORT{mar2008,
  author = "{Maravall A.}",
  year = 2008,
  title = "Singal extraction in {ARIMA} time series",
  institution = "Bank of Spain",
}

@TECHREPORT{tramo2008,
  author = "{Maravall A.}",
  year = 2008,
  title = "Time Series Regression with {ARIMA} Noise,
Missing Observations and Outliers",
  institution = "Bank of Spain",
}

@ARTICLE{dageal2015,
  author = "{Dagum E.B., Bianconcini S.}", 
  year = 2015,
  title = "A new set of asymmetric filters for tracking the short-term trend in real-time",
  journal = "The annals of applied statistics",
  volume = "9, 3",
  pages = "1433-1458",
}

@BOOK{presea1992,
  author ="{Press, W.H., Flannery, B.P., Teukolsky, S.A., Vetterling, W.T.}",
  year = 1992,
  title = "Numerical Recipes in FORTRAN 77 $2^{nd}$ Ed. : the 
   art of scientific computing",
  publisher = "Cambridge Univ. Pr.",
}

@BOOK{bracewell1965,
  author = "Bracewell, R.N.",
  year = 1965, 
  title = "The {F}ourier transform and its applications",
  publisher = "McGraw-Hill",
  note = "(paperback edition: 1999)"
}

@ARTICLE{dageal1996,
  author = "{Dagum E.B., Chhab N., Chiu K.}", 
  year = 1996,
  title = "Derivation and properties of the {X}-11-{ARIMA} and census {X}11 linear filters",
  journal = "Journal of official statistics",
  volume = "12, 4",
  pages = "329-347",
}

@BOOK{shueal2011,
  author ="{Shumway R.H., Stoffer D.S.}",
  year = 2011,
  title = "Time series analysis and its application $3^{rd}$ Ed.",
  publisher = "Springer",
}

@ARTICLE{fineal2006,
  author = "{Findley D.F., Martin D.E.K.}", 
  year = 2006,
  title = "Frequency domain analyses of {SEATS} and {X}-11/{X}-12-{ARIMA} seasonal adjustment
filters for short and moderate-length time series",
  journal = "Journal of official statistics",
  volume = "22, 1",
  pages = "1-34",
}

@TECHREPORT{gru2015,
  author = "{Grudkowska S.}",
  year = 2015,
  title = "JDemetra+ reference manual version 1.1",
  institution = "Narodowy Bank Polski",
}

@ARTICLE{gre1970,
  author = "{Grether D.M., Nerlove M.}", 
  year = 1970,
  title = "Some properties of `optimal' seasonal adjustment",
  journal = "Econometrica",
  volume = "38, 5",
  pages = "682-703",
}

@TECHREPORT{fineal1999,
  author = "{Findley D.F., Soukup R.J.}",
  year = 1999,
  title = "On the spectrum diagnostics used by {X}-12-{ARIMA} to indicate the presence
of trading day effects after modelling or adjustment",
  institution = "U.S. Census Bureau",
}






